<?xml version="1.0" encoding="UTF-8"?><collection xmlns="http://www.loc.gov/MARC21/slim"><record><leader>00515nam--2200169-i-4500</leader><controlfield tag="001">000043256</controlfield><controlfield tag="002">20161230</controlfield><controlfield tag="005">20161230201043</controlfield><controlfield tag="008">060222s1000------------r-----000-0-eng-d</controlfield><datafield ind1=" " ind2=" " tag="040"><subfield code="a">IFIN-HH</subfield></datafield><datafield ind1=" " ind2=" " tag="080"><subfield code="a">535.34:547</subfield></datafield><datafield ind1="1" ind2=" " tag="100"><subfield code="a">Suzuki,Hiroshi</subfield></datafield><datafield ind1="1" ind2="0" tag="245"><subfield code="a">Electronic absorbtion spectra and geometry of organic molecules</subfield><subfield code="b">An applicatiion of molecular orbital theory</subfield><subfield code="c">Hiroshi suzuki</subfield></datafield><datafield ind1=" " ind2=" " tag="260"><subfield code="a">LONDON</subfield><subfield code="b">Accademic Press</subfield><subfield code="c">1967</subfield></datafield><datafield ind1=" " ind2=" " tag="300"><subfield code="a">XIII + 568 P</subfield></datafield><datafield ind1=" " ind2=" " tag="852"><subfield code="a">30162</subfield><subfield code="c">535.33</subfield></datafield><datafield ind1=" " ind2=" " tag="CAT"><subfield code="a">Sys</subfield><subfield code="c">20101203</subfield><subfield code="h">113623</subfield></datafield></record></collection>